@book{arnold2013mathematical,
  title = {Mathematical {{Methods}} of {{Classical Mechanics}}},
  author = {Arnold, Vladimir I},
  date = {2013},
  series = {Graduate {{Texts}} in {{Mathematics}}},
  volume = {60},
  publisher = {{Springer Science \& Business Media}}
}

@article{yang1954conservation,
  title = {Conservation of {{Isotopic Spin}} and {{Isotopic Gauge Invariance}}},
  author = {Yang, Chen N and Mills, Robert L},
  date = {1954-10-01},
  journaltitle = {Physical Review},
  shortjournal = {Phys. Rev.},
  volume = {96},
  number = {1},
  pages = {191--195},
  doi = {10.1103/PhysRev.96.191}
}
